@article{bodenheimer2005high,
  title={High and Rising Health Care Costs. Part 1: Seeking an Explanation},
  author={Bodenheimer, Thomas},
  journal={Annals of Internal Medicine},
  volume={142},
  number={11},
  pages={847--854},
  year={2005},
}

@article{ginsburg2008high,
  title={High and Rising Health Care Costs},
  author={Ginsburg, Paul B.},
  booktitle={The Synthesis project. Research synthesis report},
  number={16},
  year={2008},
  url={https://www.ncbi.nlm.nih.gov/books/NBK44172/},
}

@article{newhouse1993iconoclastic,
  title={An Iconoclastic View of Health Cost Containment},
  author={Newhouse, Joseph P.},
  journal={Health Affairs},
  volume={12},
  number={Suppl},
  pages={152--171},
  year={1993},
}
